<collection xmlns="http://www.loc.gov/MARC21/slim">
<record>
  <leader>00491nam0a22001331i 450 </leader>
  <controlfield tag="001">IT\ICCU\CNCE\037317</controlfield>
  <controlfield tag="005">19980917000000.0</controlfield>
  <datafield tag="100" ind1=" " ind2=" ">
    <subfield code="a">19980917f1502        0itac0103    ba</subfield>
  </datafield>
  <datafield tag="101" ind1=" " ind2=" ">
    <subfield code="a">LAT</subfield>
  </datafield>
  <datafield tag="102" ind1=" " ind2=" ">
    <subfield code="a">IT</subfield>
  </datafield>
  <datafield tag="200" ind1="1" ind2=" ">
    <subfield code="a">℗In hoc volumine continetur ℗cert tractatus libri altissimae contemplationis doctrinae a praeclarae memoriae praestantissimo doctissimoque viro Nicolao de Cusa ...</subfield>
  </datafield>
  <datafield tag="210" ind1=" " ind2=" ">
    <subfield code="a">\Cortemaggiore</subfield>
    <subfield code="c">Benedetto Dolcibelli</subfield>
    <subfield code="d">1502!</subfield>
  </datafield>
  <datafield tag="215" ind1=" " ind2=" ">
    <subfield code="a">\396! c. :ill.</subfield>
    <subfield code="d">4ʻ</subfield>
  </datafield>
  <datafield tag="801" ind1=" " ind2="3">
    <subfield code="a">IT</subfield>
    <subfield code="b">ICCU</subfield>
    <subfield code="c">20201114</subfield>
  </datafield>
</record>
</collection>
